%YAML 1.1
%TAG !u! tag:unity3d.com,2011:
--- !u!1 &3479055113953765705
GameObject:
  m_ObjectHideFlags: 0
  m_CorrespondingSourceObject: {fileID: 0}
  m_PrefabInstance: {fileID: 0}
  m_PrefabAsset: {fileID: 0}
  serializedVersion: 6
  m_Component:
  - component: {fileID: 1960562109977588291}
  m_Layer: 0
  m_Name: obstacle10-1-right (1)
  m_TagString: Untagged
  m_Icon: {fileID: 0}
  m_NavMeshLayer: 0
  m_StaticEditorFlags: 0
  m_IsActive: 1
--- !u!4 &1960562109977588291
Transform:
  m_ObjectHideFlags: 0
  m_CorrespondingSourceObject: {fileID: 0}
  m_PrefabInstance: {fileID: 0}
  m_PrefabAsset: {fileID: 0}
  m_GameObject: {fileID: 3479055113953765705}
  m_LocalRotation: {x: -0, y: -0, z: -0, w: 1}
  m_LocalPosition: {x: 0.33, y: 1.5, z: -0.3}
  m_LocalScale: {x: 0.06666667, y: 1, z: 0.01}
  m_Children: []
  m_Father: {fileID: 5916445265870013305}
  m_RootOrder: 5
  m_LocalEulerAnglesHint: {x: 0, y: 0, z: 0}
--- !u!1 &5916445264878574181
GameObject:
  m_ObjectHideFlags: 0
  m_CorrespondingSourceObject: {fileID: 0}
  m_PrefabInstance: {fileID: 0}
  m_PrefabAsset: {fileID: 0}
  serializedVersion: 6
  m_Component:
  - component: {fileID: 5916445264878574201}
  - component: {fileID: 5916445264878574202}
  - component: {fileID: 5916445264878574203}
  - component: {fileID: 5916445264878574180}
  - component: {fileID: 5916445264878574200}
  m_Layer: 0
  m_Name: obstacle10
  m_TagString: Obstacle
  m_Icon: {fileID: 0}
  m_NavMeshLayer: 0
  m_StaticEditorFlags: 0
  m_IsActive: 1
--- !u!4 &5916445264878574201
Transform:
  m_ObjectHideFlags: 0
  m_CorrespondingSourceObject: {fileID: 0}
  m_PrefabInstance: {fileID: 0}
  m_PrefabAsset: {fileID: 0}
  m_GameObject: {fileID: 5916445264878574181}
  m_LocalRotation: {x: -0, y: -0, z: -0, w: 1}
  m_LocalPosition: {x: -0.33333334, y: 1.5, z: 0.29999998}
  m_LocalScale: {x: 0.33333334, y: 2, z: 0.02}
  m_Children: []
  m_Father: {fileID: 5916445265870013305}
  m_RootOrder: 0
  m_LocalEulerAnglesHint: {x: 0, y: 0, z: 0}
--- !u!33 &5916445264878574202
MeshFilter:
  m_ObjectHideFlags: 0
  m_CorrespondingSourceObject: {fileID: 0}
  m_PrefabInstance: {fileID: 0}
  m_PrefabAsset: {fileID: 0}
  m_GameObject: {fileID: 5916445264878574181}
  m_Mesh: {fileID: 10202, guid: 0000000000000000e000000000000000, type: 0}
--- !u!23 &5916445264878574203
MeshRenderer:
  m_ObjectHideFlags: 0
  m_CorrespondingSourceObject: {fileID: 0}
  m_PrefabInstance: {fileID: 0}
  m_PrefabAsset: {fileID: 0}
  m_GameObject: {fileID: 5916445264878574181}
  m_Enabled: 1
  m_CastShadows: 1
  m_ReceiveShadows: 1
  m_DynamicOccludee: 1
  m_MotionVectors: 1
  m_LightProbeUsage: 1
  m_ReflectionProbeUsage: 1
  m_RayTracingMode: 2
  m_RenderingLayerMask: 1
  m_RendererPriority: 0
  m_Materials:
  - {fileID: 2100000, guid: f97a0a7d71152cf4a8b500cac4bb36d7, type: 2}
  m_StaticBatchInfo:
    firstSubMesh: 0
    subMeshCount: 0
  m_StaticBatchRoot: {fileID: 0}
  m_ProbeAnchor: {fileID: 0}
  m_LightProbeVolumeOverride: {fileID: 0}
  m_ScaleInLightmap: 1
  m_ReceiveGI: 1
  m_PreserveUVs: 0
  m_IgnoreNormalsForChartDetection: 0
  m_ImportantGI: 0
  m_StitchLightmapSeams: 1
  m_SelectedEditorRenderState: 3
  m_MinimumChartSize: 4
  m_AutoUVMaxDistance: 0.5
  m_AutoUVMaxAngle: 89
  m_LightmapParameters: {fileID: 0}
  m_SortingLayerID: 0
  m_SortingLayer: 0
  m_SortingOrder: 0
--- !u!65 &5916445264878574180
BoxCollider:
  m_ObjectHideFlags: 0
  m_CorrespondingSourceObject: {fileID: 0}
  m_PrefabInstance: {fileID: 0}
  m_PrefabAsset: {fileID: 0}
  m_GameObject: {fileID: 5916445264878574181}
  m_Material: {fileID: 0}
  m_IsTrigger: 1
  m_Enabled: 1
  serializedVersion: 2
  m_Size: {x: 1, y: 1, z: 1}
  m_Center: {x: 0, y: 0, z: 0}
--- !u!114 &5916445264878574200
MonoBehaviour:
  m_ObjectHideFlags: 0
  m_CorrespondingSourceObject: {fileID: 0}
  m_PrefabInstance: {fileID: 0}
  m_PrefabAsset: {fileID: 0}
  m_GameObject: {fileID: 5916445264878574181}
  m_Enabled: 1
  m_EditorHideFlags: 0
  m_Script: {fileID: 11500000, guid: aca2d6ce24a987c448fa73ec7763892e, type: 3}
  m_Name: 
  m_EditorClassIdentifier: 
  selfMove:
  - {fileID: 5916445265846267351}
  - {fileID: 8349756079462868328}
  selfSpeed: 5
--- !u!1 &5916445265071590748
GameObject:
  m_ObjectHideFlags: 0
  m_CorrespondingSourceObject: {fileID: 0}
  m_PrefabInstance: {fileID: 0}
  m_PrefabAsset: {fileID: 0}
  serializedVersion: 6
  m_Component:
  - component: {fileID: 5916445265071590739}
  m_Layer: 0
  m_Name: left
  m_TagString: Untagged
  m_Icon: {fileID: 0}
  m_NavMeshLayer: 0
  m_StaticEditorFlags: 0
  m_IsActive: 1
--- !u!4 &5916445265071590739
Transform:
  m_ObjectHideFlags: 0
  m_CorrespondingSourceObject: {fileID: 0}
  m_PrefabInstance: {fileID: 0}
  m_PrefabAsset: {fileID: 0}
  m_GameObject: {fileID: 5916445265071590748}
  m_LocalRotation: {x: -0, y: -0, z: -0, w: 1}
  m_LocalPosition: {x: -0.4666667, y: 1.5, z: -0.29999998}
  m_LocalScale: {x: 0.06666667, y: 1, z: 0.01}
  m_Children: []
  m_Father: {fileID: 5916445265870013305}
  m_RootOrder: 2
  m_LocalEulerAnglesHint: {x: 0, y: 0, z: 0}
--- !u!1 &5916445265846267351
GameObject:
  m_ObjectHideFlags: 0
  m_CorrespondingSourceObject: {fileID: 0}
  m_PrefabInstance: {fileID: 0}
  m_PrefabAsset: {fileID: 0}
  serializedVersion: 6
  m_Component:
  - component: {fileID: 5916445265846267350}
  m_Layer: 0
  m_Name: right
  m_TagString: Untagged
  m_Icon: {fileID: 0}
  m_NavMeshLayer: 0
  m_StaticEditorFlags: 0
  m_IsActive: 1
--- !u!4 &5916445265846267350
Transform:
  m_ObjectHideFlags: 0
  m_CorrespondingSourceObject: {fileID: 0}
  m_PrefabInstance: {fileID: 0}
  m_PrefabAsset: {fileID: 0}
  m_GameObject: {fileID: 5916445265846267351}
  m_LocalRotation: {x: -0, y: -0, z: -0, w: 1}
  m_LocalPosition: {x: 0.4666667, y: 1.5, z: 0.29999998}
  m_LocalScale: {x: 0.06666667, y: 1, z: 0.01}
  m_Children: []
  m_Father: {fileID: 5916445265870013305}
  m_RootOrder: 3
  m_LocalEulerAnglesHint: {x: 0, y: 0, z: 0}
--- !u!1 &5916445265870013285
GameObject:
  m_ObjectHideFlags: 0
  m_CorrespondingSourceObject: {fileID: 0}
  m_PrefabInstance: {fileID: 0}
  m_PrefabAsset: {fileID: 0}
  serializedVersion: 6
  m_Component:
  - component: {fileID: 5916445265870013305}
  - component: {fileID: 5916445265870013306}
  - component: {fileID: 5916445265870013307}
  - component: {fileID: 5916445265870013284}
  m_Layer: 0
  m_Name: Ground18
  m_TagString: Untagged
  m_Icon: {fileID: 0}
  m_NavMeshLayer: 0
  m_StaticEditorFlags: 0
  m_IsActive: 1
--- !u!4 &5916445265870013305
Transform:
  m_ObjectHideFlags: 0
  m_CorrespondingSourceObject: {fileID: 0}
  m_PrefabInstance: {fileID: 0}
  m_PrefabAsset: {fileID: 0}
  m_GameObject: {fileID: 5916445265870013285}
  m_LocalRotation: {x: 0, y: 0, z: 0, w: 1}
  m_LocalPosition: {x: 0, y: 0, z: 0}
  m_LocalScale: {x: 15, y: 1, z: 100}
  m_Children:
  - {fileID: 5916445264878574201}
  - {fileID: 5916445265978859031}
  - {fileID: 5916445265071590739}
  - {fileID: 5916445265846267350}
  - {fileID: 5103710660057682485}
  - {fileID: 1960562109977588291}
  - {fileID: 9017647490152384395}
  - {fileID: 4549420766806866134}
  m_Father: {fileID: 0}
  m_RootOrder: 0
  m_LocalEulerAnglesHint: {x: 0, y: 0, z: 0}
--- !u!33 &5916445265870013306
MeshFilter:
  m_ObjectHideFlags: 0
  m_CorrespondingSourceObject: {fileID: 0}
  m_PrefabInstance: {fileID: 0}
  m_PrefabAsset: {fileID: 0}
  m_GameObject: {fileID: 5916445265870013285}
  m_Mesh: {fileID: 10202, guid: 0000000000000000e000000000000000, type: 0}
--- !u!23 &5916445265870013307
MeshRenderer:
  m_ObjectHideFlags: 0
  m_CorrespondingSourceObject: {fileID: 0}
  m_PrefabInstance: {fileID: 0}
  m_PrefabAsset: {fileID: 0}
  m_GameObject: {fileID: 5916445265870013285}
  m_Enabled: 0
  m_CastShadows: 1
  m_ReceiveShadows: 1
  m_DynamicOccludee: 1
  m_MotionVectors: 1
  m_LightProbeUsage: 1
  m_ReflectionProbeUsage: 1
  m_RayTracingMode: 2
  m_RenderingLayerMask: 1
  m_RendererPriority: 0
  m_Materials:
  - {fileID: 2100000, guid: a6b92e5abca730e498c04c1855b00195, type: 2}
  m_StaticBatchInfo:
    firstSubMesh: 0
    subMeshCount: 0
  m_StaticBatchRoot: {fileID: 0}
  m_ProbeAnchor: {fileID: 0}
  m_LightProbeVolumeOverride: {fileID: 0}
  m_ScaleInLightmap: 1
  m_ReceiveGI: 1
  m_PreserveUVs: 0
  m_IgnoreNormalsForChartDetection: 0
  m_ImportantGI: 0
  m_StitchLightmapSeams: 1
  m_SelectedEditorRenderState: 3
  m_MinimumChartSize: 4
  m_AutoUVMaxDistance: 0.5
  m_AutoUVMaxAngle: 89
  m_LightmapParameters: {fileID: 0}
  m_SortingLayerID: 0
  m_SortingLayer: 0
  m_SortingOrder: 0
--- !u!65 &5916445265870013284
BoxCollider:
  m_ObjectHideFlags: 0
  m_CorrespondingSourceObject: {fileID: 0}
  m_PrefabInstance: {fileID: 0}
  m_PrefabAsset: {fileID: 0}
  m_GameObject: {fileID: 5916445265870013285}
  m_Material: {fileID: 13400000, guid: 75bfc260ac2777744b9e44a6b17c02d9, type: 2}
  m_IsTrigger: 0
  m_Enabled: 1
  serializedVersion: 2
  m_Size: {x: 1, y: 1, z: 1}
  m_Center: {x: 0, y: 0, z: 0}
--- !u!1 &5916445265978859027
GameObject:
  m_ObjectHideFlags: 0
  m_CorrespondingSourceObject: {fileID: 0}
  m_PrefabInstance: {fileID: 0}
  m_PrefabAsset: {fileID: 0}
  serializedVersion: 6
  m_Component:
  - component: {fileID: 5916445265978859031}
  - component: {fileID: 5916445265978859024}
  - component: {fileID: 5916445265978859025}
  - component: {fileID: 5916445265978859026}
  - component: {fileID: 5916445265978859030}
  m_Layer: 0
  m_Name: obstacle10 (1)
  m_TagString: Obstacle
  m_Icon: {fileID: 0}
  m_NavMeshLayer: 0
  m_StaticEditorFlags: 0
  m_IsActive: 1
--- !u!4 &5916445265978859031
Transform:
  m_ObjectHideFlags: 0
  m_CorrespondingSourceObject: {fileID: 0}
  m_PrefabInstance: {fileID: 0}
  m_PrefabAsset: {fileID: 0}
  m_GameObject: {fileID: 5916445265978859027}
  m_LocalRotation: {x: -0, y: -0, z: -0, w: 1}
  m_LocalPosition: {x: 0.33333334, y: 1.5, z: -0.29999998}
  m_LocalScale: {x: 0.33333334, y: 2, z: 0.02}
  m_Children: []
  m_Father: {fileID: 5916445265870013305}
  m_RootOrder: 1
  m_LocalEulerAnglesHint: {x: 0, y: 0, z: 0}
--- !u!33 &5916445265978859024
MeshFilter:
  m_ObjectHideFlags: 0
  m_CorrespondingSourceObject: {fileID: 0}
  m_PrefabInstance: {fileID: 0}
  m_PrefabAsset: {fileID: 0}
  m_GameObject: {fileID: 5916445265978859027}
  m_Mesh: {fileID: 10202, guid: 0000000000000000e000000000000000, type: 0}
--- !u!23 &5916445265978859025
MeshRenderer:
  m_ObjectHideFlags: 0
  m_CorrespondingSourceObject: {fileID: 0}
  m_PrefabInstance: {fileID: 0}
  m_PrefabAsset: {fileID: 0}
  m_GameObject: {fileID: 5916445265978859027}
  m_Enabled: 1
  m_CastShadows: 1
  m_ReceiveShadows: 1
  m_DynamicOccludee: 1
  m_MotionVectors: 1
  m_LightProbeUsage: 1
  m_ReflectionProbeUsage: 1
  m_RayTracingMode: 2
  m_RenderingLayerMask: 1
  m_RendererPriority: 0
  m_Materials:
  - {fileID: 2100000, guid: f97a0a7d71152cf4a8b500cac4bb36d7, type: 2}
  m_StaticBatchInfo:
    firstSubMesh: 0
    subMeshCount: 0
  m_StaticBatchRoot: {fileID: 0}
  m_ProbeAnchor: {fileID: 0}
  m_LightProbeVolumeOverride: {fileID: 0}
  m_ScaleInLightmap: 1
  m_ReceiveGI: 1
  m_PreserveUVs: 0
  m_IgnoreNormalsForChartDetection: 0
  m_ImportantGI: 0
  m_StitchLightmapSeams: 1
  m_SelectedEditorRenderState: 3
  m_MinimumChartSize: 4
  m_AutoUVMaxDistance: 0.5
  m_AutoUVMaxAngle: 89
  m_LightmapParameters: {fileID: 0}
  m_SortingLayerID: 0
  m_SortingLayer: 0
  m_SortingOrder: 0
--- !u!65 &5916445265978859026
BoxCollider:
  m_ObjectHideFlags: 0
  m_CorrespondingSourceObject: {fileID: 0}
  m_PrefabInstance: {fileID: 0}
  m_PrefabAsset: {fileID: 0}
  m_GameObject: {fileID: 5916445265978859027}
  m_Material: {fileID: 0}
  m_IsTrigger: 1
  m_Enabled: 1
  serializedVersion: 2
  m_Size: {x: 1, y: 1, z: 1}
  m_Center: {x: 0, y: 0, z: 0}
--- !u!114 &5916445265978859030
MonoBehaviour:
  m_ObjectHideFlags: 0
  m_CorrespondingSourceObject: {fileID: 0}
  m_PrefabInstance: {fileID: 0}
  m_PrefabAsset: {fileID: 0}
  m_GameObject: {fileID: 5916445265978859027}
  m_Enabled: 1
  m_EditorHideFlags: 0
  m_Script: {fileID: 11500000, guid: aca2d6ce24a987c448fa73ec7763892e, type: 3}
  m_Name: 
  m_EditorClassIdentifier: 
  selfMove:
  - {fileID: 5916445265071590748}
  - {fileID: 3479055113953765705}
  selfSpeed: 5
--- !u!1 &8349756079462868328
GameObject:
  m_ObjectHideFlags: 0
  m_CorrespondingSourceObject: {fileID: 0}
  m_PrefabInstance: {fileID: 0}
  m_PrefabAsset: {fileID: 0}
  serializedVersion: 6
  m_Component:
  - component: {fileID: 5103710660057682485}
  m_Layer: 0
  m_Name: obstacle10-left
  m_TagString: Untagged
  m_Icon: {fileID: 0}
  m_NavMeshLayer: 0
  m_StaticEditorFlags: 0
  m_IsActive: 1
--- !u!4 &5103710660057682485
Transform:
  m_ObjectHideFlags: 0
  m_CorrespondingSourceObject: {fileID: 0}
  m_PrefabInstance: {fileID: 0}
  m_PrefabAsset: {fileID: 0}
  m_GameObject: {fileID: 8349756079462868328}
  m_LocalRotation: {x: -0, y: -0, z: -0, w: 1}
  m_LocalPosition: {x: -0.33, y: 1.5, z: 0.3}
  m_LocalScale: {x: 0.06666667, y: 1, z: 0.01}
  m_Children: []
  m_Father: {fileID: 5916445265870013305}
  m_RootOrder: 4
  m_LocalEulerAnglesHint: {x: 0, y: 0, z: 0}
--- !u!1001 &1164131592593388451
PrefabInstance:
  m_ObjectHideFlags: 0
  serializedVersion: 2
  m_Modification:
    m_TransformParent: {fileID: 5916445265870013305}
    m_Modifications:
    - target: {fileID: 7855066208963359784, guid: cc02e0d3e126685489ee57b00302d25a,
        type: 3}
      propertyPath: m_LocalPosition.x
      value: 0
      objectReference: {fileID: 0}
    - target: {fileID: 7855066208963359784, guid: cc02e0d3e126685489ee57b00302d25a,
        type: 3}
      propertyPath: m_LocalPosition.y
      value: 3
      objectReference: {fileID: 0}
    - target: {fileID: 7855066208963359784, guid: cc02e0d3e126685489ee57b00302d25a,
        type: 3}
      propertyPath: m_LocalPosition.z
      value: -0.035
      objectReference: {fileID: 0}
    - target: {fileID: 7855066208963359784, guid: cc02e0d3e126685489ee57b00302d25a,
        type: 3}
      propertyPath: m_LocalRotation.x
      value: -0.7071068
      objectReference: {fileID: 0}
    - target: {fileID: 7855066208963359784, guid: cc02e0d3e126685489ee57b00302d25a,
        type: 3}
      propertyPath: m_LocalRotation.y
      value: -0
      objectReference: {fileID: 0}
    - target: {fileID: 7855066208963359784, guid: cc02e0d3e126685489ee57b00302d25a,
        type: 3}
      propertyPath: m_LocalRotation.z
      value: -0
      objectReference: {fileID: 0}
    - target: {fileID: 7855066208963359784, guid: cc02e0d3e126685489ee57b00302d25a,
        type: 3}
      propertyPath: m_LocalRotation.w
      value: 0.7071067
      objectReference: {fileID: 0}
    - target: {fileID: 7855066208963359784, guid: cc02e0d3e126685489ee57b00302d25a,
        type: 3}
      propertyPath: m_RootOrder
      value: 6
      objectReference: {fileID: 0}
    - target: {fileID: 7855066208963359784, guid: cc02e0d3e126685489ee57b00302d25a,
        type: 3}
      propertyPath: m_LocalEulerAnglesHint.x
      value: 0
      objectReference: {fileID: 0}
    - target: {fileID: 7855066208963359784, guid: cc02e0d3e126685489ee57b00302d25a,
        type: 3}
      propertyPath: m_LocalEulerAnglesHint.y
      value: 0
      objectReference: {fileID: 0}
    - target: {fileID: 7855066208963359784, guid: cc02e0d3e126685489ee57b00302d25a,
        type: 3}
      propertyPath: m_LocalEulerAnglesHint.z
      value: 0
      objectReference: {fileID: 0}
    - target: {fileID: 7855066208963359784, guid: cc02e0d3e126685489ee57b00302d25a,
        type: 3}
      propertyPath: m_LocalScale.y
      value: 0.020000001
      objectReference: {fileID: 0}
    - target: {fileID: 7855066208962930696, guid: cc02e0d3e126685489ee57b00302d25a,
        type: 3}
      propertyPath: m_Name
      value: SphereGemSmall
      objectReference: {fileID: 0}
    - target: {fileID: 2361862558110929751, guid: cc02e0d3e126685489ee57b00302d25a,
        type: 3}
      propertyPath: m_Center.y
      value: 0
      objectReference: {fileID: 0}
    m_RemovedComponents: []
  m_SourcePrefab: {fileID: 100100000, guid: cc02e0d3e126685489ee57b00302d25a, type: 3}
--- !u!4 &9017647490152384395 stripped
Transform:
  m_CorrespondingSourceObject: {fileID: 7855066208963359784, guid: cc02e0d3e126685489ee57b00302d25a,
    type: 3}
  m_PrefabInstance: {fileID: 1164131592593388451}
  m_PrefabAsset: {fileID: 0}
--- !u!1001 &5614177583649142455
PrefabInstance:
  m_ObjectHideFlags: 0
  serializedVersion: 2
  m_Modification:
    m_TransformParent: {fileID: 5916445265870013305}
    m_Modifications:
    - target: {fileID: 4220937277043258777, guid: e3956a24af97561408444e9a461e2e72,
        type: 3}
      propertyPath: m_Name
      value: Bridge
      objectReference: {fileID: 0}
    - target: {fileID: 8271804994291813985, guid: e3956a24af97561408444e9a461e2e72,
        type: 3}
      propertyPath: m_LocalPosition.x
      value: -0.5135417
      objectReference: {fileID: 0}
    - target: {fileID: 8271804994291813985, guid: e3956a24af97561408444e9a461e2e72,
        type: 3}
      propertyPath: m_LocalPosition.y
      value: 6.984983
      objectReference: {fileID: 0}
    - target: {fileID: 8271804994291813985, guid: e3956a24af97561408444e9a461e2e72,
        type: 3}
      propertyPath: m_LocalPosition.z
      value: -0.0068418467
      objectReference: {fileID: 0}
    - target: {fileID: 8271804994291813985, guid: e3956a24af97561408444e9a461e2e72,
        type: 3}
      propertyPath: m_LocalRotation.x
      value: -0
      objectReference: {fileID: 0}
    - target: {fileID: 8271804994291813985, guid: e3956a24af97561408444e9a461e2e72,
        type: 3}
      propertyPath: m_LocalRotation.y
      value: -0
      objectReference: {fileID: 0}
    - target: {fileID: 8271804994291813985, guid: e3956a24af97561408444e9a461e2e72,
        type: 3}
      propertyPath: m_LocalRotation.z
      value: -0
      objectReference: {fileID: 0}
    - target: {fileID: 8271804994291813985, guid: e3956a24af97561408444e9a461e2e72,
        type: 3}
      propertyPath: m_LocalRotation.w
      value: 1
      objectReference: {fileID: 0}
    - target: {fileID: 8271804994291813985, guid: e3956a24af97561408444e9a461e2e72,
        type: 3}
      propertyPath: m_RootOrder
      value: 7
      objectReference: {fileID: 0}
    - target: {fileID: 8271804994291813985, guid: e3956a24af97561408444e9a461e2e72,
        type: 3}
      propertyPath: m_LocalEulerAnglesHint.x
      value: 0
      objectReference: {fileID: 0}
    - target: {fileID: 8271804994291813985, guid: e3956a24af97561408444e9a461e2e72,
        type: 3}
      propertyPath: m_LocalEulerAnglesHint.y
      value: 0
      objectReference: {fileID: 0}
    - target: {fileID: 8271804994291813985, guid: e3956a24af97561408444e9a461e2e72,
        type: 3}
      propertyPath: m_LocalEulerAnglesHint.z
      value: 0
      objectReference: {fileID: 0}
    m_RemovedComponents: []
  m_SourcePrefab: {fileID: 100100000, guid: e3956a24af97561408444e9a461e2e72, type: 3}
--- !u!4 &4549420766806866134 stripped
Transform:
  m_CorrespondingSourceObject: {fileID: 8271804994291813985, guid: e3956a24af97561408444e9a461e2e72,
    type: 3}
  m_PrefabInstance: {fileID: 5614177583649142455}
  m_PrefabAsset: {fileID: 0}
