%YAML 1.1
%TAG !u! tag:unity3d.com,2011:
--- !u!1 &1759066592548933104
GameObject:
  m_ObjectHideFlags: 0
  m_CorrespondingSourceObject: {fileID: 0}
  m_PrefabInstance: {fileID: 0}
  m_PrefabAsset: {fileID: 0}
  serializedVersion: 6
  m_Component:
  - component: {fileID: 3280946614596977668}
  - component: {fileID: 4721328758230323184}
  - component: {fileID: 4745893950771561404}
  - component: {fileID: 2934616341756479723}
  m_Layer: 0
  m_Name: Ground6
  m_TagString: Untagged
  m_Icon: {fileID: 0}
  m_NavMeshLayer: 0
  m_StaticEditorFlags: 0
  m_IsActive: 1
--- !u!4 &3280946614596977668
Transform:
  m_ObjectHideFlags: 0
  m_CorrespondingSourceObject: {fileID: 0}
  m_PrefabInstance: {fileID: 0}
  m_PrefabAsset: {fileID: 0}
  m_GameObject: {fileID: 1759066592548933104}
  m_LocalRotation: {x: 0, y: 0, z: 0, w: 1}
  m_LocalPosition: {x: 0, y: 0, z: 0}
  m_LocalScale: {x: 15, y: 1, z: 100}
  m_Children:
  - {fileID: 7048555285082550150}
  - {fileID: 3532939855244188263}
  - {fileID: 5055918550218959927}
  - {fileID: 8213193442495451719}
  m_Father: {fileID: 0}
  m_RootOrder: 0
  m_LocalEulerAnglesHint: {x: 0, y: 0, z: 0}
--- !u!33 &4721328758230323184
MeshFilter:
  m_ObjectHideFlags: 0
  m_CorrespondingSourceObject: {fileID: 0}
  m_PrefabInstance: {fileID: 0}
  m_PrefabAsset: {fileID: 0}
  m_GameObject: {fileID: 1759066592548933104}
  m_Mesh: {fileID: 10202, guid: 0000000000000000e000000000000000, type: 0}
--- !u!23 &4745893950771561404
MeshRenderer:
  m_ObjectHideFlags: 0
  m_CorrespondingSourceObject: {fileID: 0}
  m_PrefabInstance: {fileID: 0}
  m_PrefabAsset: {fileID: 0}
  m_GameObject: {fileID: 1759066592548933104}
  m_Enabled: 0
  m_CastShadows: 1
  m_ReceiveShadows: 1
  m_DynamicOccludee: 1
  m_MotionVectors: 1
  m_LightProbeUsage: 1
  m_ReflectionProbeUsage: 1
  m_RayTracingMode: 2
  m_RenderingLayerMask: 1
  m_RendererPriority: 0
  m_Materials:
  - {fileID: 2100000, guid: a6b92e5abca730e498c04c1855b00195, type: 2}
  m_StaticBatchInfo:
    firstSubMesh: 0
    subMeshCount: 0
  m_StaticBatchRoot: {fileID: 0}
  m_ProbeAnchor: {fileID: 0}
  m_LightProbeVolumeOverride: {fileID: 0}
  m_ScaleInLightmap: 1
  m_ReceiveGI: 1
  m_PreserveUVs: 0
  m_IgnoreNormalsForChartDetection: 0
  m_ImportantGI: 0
  m_StitchLightmapSeams: 1
  m_SelectedEditorRenderState: 3
  m_MinimumChartSize: 4
  m_AutoUVMaxDistance: 0.5
  m_AutoUVMaxAngle: 89
  m_LightmapParameters: {fileID: 0}
  m_SortingLayerID: 0
  m_SortingLayer: 0
  m_SortingOrder: 0
--- !u!65 &2934616341756479723
BoxCollider:
  m_ObjectHideFlags: 0
  m_CorrespondingSourceObject: {fileID: 0}
  m_PrefabInstance: {fileID: 0}
  m_PrefabAsset: {fileID: 0}
  m_GameObject: {fileID: 1759066592548933104}
  m_Material: {fileID: 13400000, guid: 75bfc260ac2777744b9e44a6b17c02d9, type: 2}
  m_IsTrigger: 0
  m_Enabled: 1
  serializedVersion: 2
  m_Size: {x: 1, y: 1, z: 1}
  m_Center: {x: 0, y: 0, z: 0}
--- !u!1001 &229759699284827174
PrefabInstance:
  m_ObjectHideFlags: 0
  serializedVersion: 2
  m_Modification:
    m_TransformParent: {fileID: 3280946614596977668}
    m_Modifications:
    - target: {fileID: 4220937277043258777, guid: e3956a24af97561408444e9a461e2e72,
        type: 3}
      propertyPath: m_Name
      value: Bridge
      objectReference: {fileID: 0}
    - target: {fileID: 8271804994291813985, guid: e3956a24af97561408444e9a461e2e72,
        type: 3}
      propertyPath: m_LocalPosition.x
      value: -0.5135417
      objectReference: {fileID: 0}
    - target: {fileID: 8271804994291813985, guid: e3956a24af97561408444e9a461e2e72,
        type: 3}
      propertyPath: m_LocalPosition.y
      value: 6.984983
      objectReference: {fileID: 0}
    - target: {fileID: 8271804994291813985, guid: e3956a24af97561408444e9a461e2e72,
        type: 3}
      propertyPath: m_LocalPosition.z
      value: -0.0068418467
      objectReference: {fileID: 0}
    - target: {fileID: 8271804994291813985, guid: e3956a24af97561408444e9a461e2e72,
        type: 3}
      propertyPath: m_LocalRotation.x
      value: -0
      objectReference: {fileID: 0}
    - target: {fileID: 8271804994291813985, guid: e3956a24af97561408444e9a461e2e72,
        type: 3}
      propertyPath: m_LocalRotation.y
      value: -0
      objectReference: {fileID: 0}
    - target: {fileID: 8271804994291813985, guid: e3956a24af97561408444e9a461e2e72,
        type: 3}
      propertyPath: m_LocalRotation.z
      value: -0
      objectReference: {fileID: 0}
    - target: {fileID: 8271804994291813985, guid: e3956a24af97561408444e9a461e2e72,
        type: 3}
      propertyPath: m_LocalRotation.w
      value: 1
      objectReference: {fileID: 0}
    - target: {fileID: 8271804994291813985, guid: e3956a24af97561408444e9a461e2e72,
        type: 3}
      propertyPath: m_RootOrder
      value: 3
      objectReference: {fileID: 0}
    - target: {fileID: 8271804994291813985, guid: e3956a24af97561408444e9a461e2e72,
        type: 3}
      propertyPath: m_LocalEulerAnglesHint.x
      value: 0
      objectReference: {fileID: 0}
    - target: {fileID: 8271804994291813985, guid: e3956a24af97561408444e9a461e2e72,
        type: 3}
      propertyPath: m_LocalEulerAnglesHint.y
      value: 0
      objectReference: {fileID: 0}
    - target: {fileID: 8271804994291813985, guid: e3956a24af97561408444e9a461e2e72,
        type: 3}
      propertyPath: m_LocalEulerAnglesHint.z
      value: 0
      objectReference: {fileID: 0}
    m_RemovedComponents: []
  m_SourcePrefab: {fileID: 100100000, guid: e3956a24af97561408444e9a461e2e72, type: 3}
--- !u!4 &8213193442495451719 stripped
Transform:
  m_CorrespondingSourceObject: {fileID: 8271804994291813985, guid: e3956a24af97561408444e9a461e2e72,
    type: 3}
  m_PrefabInstance: {fileID: 229759699284827174}
  m_PrefabAsset: {fileID: 0}
--- !u!1001 &4534573548087312722
PrefabInstance:
  m_ObjectHideFlags: 0
  serializedVersion: 2
  m_Modification:
    m_TransformParent: {fileID: 3280946614596977668}
    m_Modifications:
    - target: {fileID: 1146602102748273461, guid: 93e66aeeb3285064a94bb98a9ea88e0d,
        type: 3}
      propertyPath: m_LocalPosition.x
      value: 0.33333334
      objectReference: {fileID: 0}
    - target: {fileID: 1146602102748273461, guid: 93e66aeeb3285064a94bb98a9ea88e0d,
        type: 3}
      propertyPath: m_LocalPosition.y
      value: 1.5
      objectReference: {fileID: 0}
    - target: {fileID: 1146602102748273461, guid: 93e66aeeb3285064a94bb98a9ea88e0d,
        type: 3}
      propertyPath: m_LocalPosition.z
      value: 0.22
      objectReference: {fileID: 0}
    - target: {fileID: 1146602102748273461, guid: 93e66aeeb3285064a94bb98a9ea88e0d,
        type: 3}
      propertyPath: m_LocalRotation.x
      value: -0
      objectReference: {fileID: 0}
    - target: {fileID: 1146602102748273461, guid: 93e66aeeb3285064a94bb98a9ea88e0d,
        type: 3}
      propertyPath: m_LocalRotation.y
      value: -0
      objectReference: {fileID: 0}
    - target: {fileID: 1146602102748273461, guid: 93e66aeeb3285064a94bb98a9ea88e0d,
        type: 3}
      propertyPath: m_LocalRotation.z
      value: -0
      objectReference: {fileID: 0}
    - target: {fileID: 1146602102748273461, guid: 93e66aeeb3285064a94bb98a9ea88e0d,
        type: 3}
      propertyPath: m_LocalRotation.w
      value: 1
      objectReference: {fileID: 0}
    - target: {fileID: 1146602102748273461, guid: 93e66aeeb3285064a94bb98a9ea88e0d,
        type: 3}
      propertyPath: m_RootOrder
      value: 1
      objectReference: {fileID: 0}
    - target: {fileID: 1146602102748273461, guid: 93e66aeeb3285064a94bb98a9ea88e0d,
        type: 3}
      propertyPath: m_LocalEulerAnglesHint.x
      value: 0
      objectReference: {fileID: 0}
    - target: {fileID: 1146602102748273461, guid: 93e66aeeb3285064a94bb98a9ea88e0d,
        type: 3}
      propertyPath: m_LocalEulerAnglesHint.y
      value: 0
      objectReference: {fileID: 0}
    - target: {fileID: 1146602102748273461, guid: 93e66aeeb3285064a94bb98a9ea88e0d,
        type: 3}
      propertyPath: m_LocalEulerAnglesHint.z
      value: 0
      objectReference: {fileID: 0}
    - target: {fileID: 1146602102748273461, guid: 93e66aeeb3285064a94bb98a9ea88e0d,
        type: 3}
      propertyPath: m_LocalScale.z
      value: 0.14
      objectReference: {fileID: 0}
    - target: {fileID: 2095576798718059629, guid: 93e66aeeb3285064a94bb98a9ea88e0d,
        type: 3}
      propertyPath: m_Name
      value: Obstacle3 (2)
      objectReference: {fileID: 0}
    m_RemovedComponents: []
  m_SourcePrefab: {fileID: 100100000, guid: 93e66aeeb3285064a94bb98a9ea88e0d, type: 3}
--- !u!4 &3532939855244188263 stripped
Transform:
  m_CorrespondingSourceObject: {fileID: 1146602102748273461, guid: 93e66aeeb3285064a94bb98a9ea88e0d,
    type: 3}
  m_PrefabInstance: {fileID: 4534573548087312722}
  m_PrefabAsset: {fileID: 0}
--- !u!1001 &5315293933886846722
PrefabInstance:
  m_ObjectHideFlags: 0
  serializedVersion: 2
  m_Modification:
    m_TransformParent: {fileID: 3280946614596977668}
    m_Modifications:
    - target: {fileID: 1146602102748273461, guid: 93e66aeeb3285064a94bb98a9ea88e0d,
        type: 3}
      propertyPath: m_LocalPosition.x
      value: -0.33333334
      objectReference: {fileID: 0}
    - target: {fileID: 1146602102748273461, guid: 93e66aeeb3285064a94bb98a9ea88e0d,
        type: 3}
      propertyPath: m_LocalPosition.y
      value: 1.5
      objectReference: {fileID: 0}
    - target: {fileID: 1146602102748273461, guid: 93e66aeeb3285064a94bb98a9ea88e0d,
        type: 3}
      propertyPath: m_LocalPosition.z
      value: 0
      objectReference: {fileID: 0}
    - target: {fileID: 1146602102748273461, guid: 93e66aeeb3285064a94bb98a9ea88e0d,
        type: 3}
      propertyPath: m_LocalRotation.x
      value: -0
      objectReference: {fileID: 0}
    - target: {fileID: 1146602102748273461, guid: 93e66aeeb3285064a94bb98a9ea88e0d,
        type: 3}
      propertyPath: m_LocalRotation.y
      value: -0
      objectReference: {fileID: 0}
    - target: {fileID: 1146602102748273461, guid: 93e66aeeb3285064a94bb98a9ea88e0d,
        type: 3}
      propertyPath: m_LocalRotation.z
      value: -0
      objectReference: {fileID: 0}
    - target: {fileID: 1146602102748273461, guid: 93e66aeeb3285064a94bb98a9ea88e0d,
        type: 3}
      propertyPath: m_LocalRotation.w
      value: 1
      objectReference: {fileID: 0}
    - target: {fileID: 1146602102748273461, guid: 93e66aeeb3285064a94bb98a9ea88e0d,
        type: 3}
      propertyPath: m_RootOrder
      value: 2
      objectReference: {fileID: 0}
    - target: {fileID: 1146602102748273461, guid: 93e66aeeb3285064a94bb98a9ea88e0d,
        type: 3}
      propertyPath: m_LocalEulerAnglesHint.x
      value: 0
      objectReference: {fileID: 0}
    - target: {fileID: 1146602102748273461, guid: 93e66aeeb3285064a94bb98a9ea88e0d,
        type: 3}
      propertyPath: m_LocalEulerAnglesHint.y
      value: 0
      objectReference: {fileID: 0}
    - target: {fileID: 1146602102748273461, guid: 93e66aeeb3285064a94bb98a9ea88e0d,
        type: 3}
      propertyPath: m_LocalEulerAnglesHint.z
      value: 0
      objectReference: {fileID: 0}
    - target: {fileID: 1146602102748273461, guid: 93e66aeeb3285064a94bb98a9ea88e0d,
        type: 3}
      propertyPath: m_LocalScale.z
      value: 0.14
      objectReference: {fileID: 0}
    - target: {fileID: 2095576798718059629, guid: 93e66aeeb3285064a94bb98a9ea88e0d,
        type: 3}
      propertyPath: m_Name
      value: Obstacle3 (1)
      objectReference: {fileID: 0}
    m_RemovedComponents: []
  m_SourcePrefab: {fileID: 100100000, guid: 93e66aeeb3285064a94bb98a9ea88e0d, type: 3}
--- !u!4 &5055918550218959927 stripped
Transform:
  m_CorrespondingSourceObject: {fileID: 1146602102748273461, guid: 93e66aeeb3285064a94bb98a9ea88e0d,
    type: 3}
  m_PrefabInstance: {fileID: 5315293933886846722}
  m_PrefabAsset: {fileID: 0}
--- !u!1001 &7942365288510190771
PrefabInstance:
  m_ObjectHideFlags: 0
  serializedVersion: 2
  m_Modification:
    m_TransformParent: {fileID: 3280946614596977668}
    m_Modifications:
    - target: {fileID: 1146602102748273461, guid: 93e66aeeb3285064a94bb98a9ea88e0d,
        type: 3}
      propertyPath: m_LocalPosition.x
      value: 0.33333334
      objectReference: {fileID: 0}
    - target: {fileID: 1146602102748273461, guid: 93e66aeeb3285064a94bb98a9ea88e0d,
        type: 3}
      propertyPath: m_LocalPosition.y
      value: 1.5
      objectReference: {fileID: 0}
    - target: {fileID: 1146602102748273461, guid: 93e66aeeb3285064a94bb98a9ea88e0d,
        type: 3}
      propertyPath: m_LocalPosition.z
      value: -0.22
      objectReference: {fileID: 0}
    - target: {fileID: 1146602102748273461, guid: 93e66aeeb3285064a94bb98a9ea88e0d,
        type: 3}
      propertyPath: m_LocalRotation.x
      value: -0
      objectReference: {fileID: 0}
    - target: {fileID: 1146602102748273461, guid: 93e66aeeb3285064a94bb98a9ea88e0d,
        type: 3}
      propertyPath: m_LocalRotation.y
      value: -0
      objectReference: {fileID: 0}
    - target: {fileID: 1146602102748273461, guid: 93e66aeeb3285064a94bb98a9ea88e0d,
        type: 3}
      propertyPath: m_LocalRotation.z
      value: -0
      objectReference: {fileID: 0}
    - target: {fileID: 1146602102748273461, guid: 93e66aeeb3285064a94bb98a9ea88e0d,
        type: 3}
      propertyPath: m_LocalRotation.w
      value: 1
      objectReference: {fileID: 0}
    - target: {fileID: 1146602102748273461, guid: 93e66aeeb3285064a94bb98a9ea88e0d,
        type: 3}
      propertyPath: m_RootOrder
      value: 0
      objectReference: {fileID: 0}
    - target: {fileID: 1146602102748273461, guid: 93e66aeeb3285064a94bb98a9ea88e0d,
        type: 3}
      propertyPath: m_LocalEulerAnglesHint.x
      value: 0
      objectReference: {fileID: 0}
    - target: {fileID: 1146602102748273461, guid: 93e66aeeb3285064a94bb98a9ea88e0d,
        type: 3}
      propertyPath: m_LocalEulerAnglesHint.y
      value: 0
      objectReference: {fileID: 0}
    - target: {fileID: 1146602102748273461, guid: 93e66aeeb3285064a94bb98a9ea88e0d,
        type: 3}
      propertyPath: m_LocalEulerAnglesHint.z
      value: 0
      objectReference: {fileID: 0}
    - target: {fileID: 1146602102748273461, guid: 93e66aeeb3285064a94bb98a9ea88e0d,
        type: 3}
      propertyPath: m_LocalScale.z
      value: 0.14
      objectReference: {fileID: 0}
    - target: {fileID: 2095576798718059629, guid: 93e66aeeb3285064a94bb98a9ea88e0d,
        type: 3}
      propertyPath: m_Name
      value: Obstacle3
      objectReference: {fileID: 0}
    m_RemovedComponents: []
  m_SourcePrefab: {fileID: 100100000, guid: 93e66aeeb3285064a94bb98a9ea88e0d, type: 3}
--- !u!4 &7048555285082550150 stripped
Transform:
  m_CorrespondingSourceObject: {fileID: 1146602102748273461, guid: 93e66aeeb3285064a94bb98a9ea88e0d,
    type: 3}
  m_PrefabInstance: {fileID: 7942365288510190771}
  m_PrefabAsset: {fileID: 0}
